<?xml version = "1.0" encoding = "UTF-8"?><OAI-PMH xmlns="http://www.openarchives.org/OAI/2.0/" xmlns:xsi="http://www.w3.org/2001/XMLSchema-instance" xsi:schemaLocation="http://www.openarchives.org/OAI/2.0/ http://www.openarchives.org/OAI/2.0/OAI-PMH.xsd"><ListRecords><record><header><identifier>aleph-publish:013459535</identifier></header><metadata><record xmlns="http://www.ddb.de/professionell/mabxml/mabxml-1.xsd"><leader>00709vM2.01200024------h</leader><controlfield tag="LDR">00709vM2.01200024------h</controlfield><controlfield tag="FMT">MH</controlfield><datafield tag="001" ind1="-" ind2="1"><subfield code="a">HT014330662</subfield></datafield><datafield tag="002" ind1="a" ind2="1"><subfield code="a">20050406</subfield></datafield><controlfield tag="030">a|1uc||||||17</controlfield><datafield tag="036" ind1="a" ind2="1"><subfield code="a">DE</subfield></datafield><datafield tag="037" ind1="b" ind2="1"><subfield code="a">ger</subfield></datafield><controlfield tag="050">a|||||||||||||</controlfield><controlfield tag="051">at||||||</controlfield><datafield tag="070" ind1="-" ind2="1"><subfield code="a">61</subfield></datafield><datafield tag="078" ind1="n" ind2="1"><subfield code="a">NWBib-61</subfield></datafield><datafield tag="080" ind1="-" ind2="1"><subfield code="a">60</subfield></datafield><datafield tag="100" ind1="-" ind2="1"><subfield code="p">Schieffer, Rudolf</subfield><subfield code="d">1947-</subfield><subfield code="9">(DE-588)121910695</subfield></datafield><datafield tag="101" ind1="-" ind2="1"><subfield code="p">Schieffer, Rudolfus</subfield><subfield code="d">1947-</subfield></datafield><datafield tag="331" ind1="-" ind2="1"><subfield code="a">&lt;&lt;Das&gt;&gt; Bonner Münster in seinem historischen Umfeld</subfield></datafield><datafield tag="359" ind1="-" ind2="1"><subfield code="a">von Rudolf Schieffer</subfield></datafield><datafield tag="425" ind1="a" ind2="1"><subfield code="a">2004</subfield></datafield><datafield tag="525" ind1="-" ind2="1"><subfield code="p">In</subfield><subfield code="a">Bonner Geschichtsblätter. - 53/54 (2004), S. 45-55</subfield></datafield><datafield tag="599" ind1="-" ind2="1"><subfield code="a">HT001250223</subfield></datafield><datafield tag="700" ind1="n" ind2="1"><subfield code="a">99</subfield><subfield code="b">Bonn</subfield></datafield><datafield tag="700" ind1="n" ind2="1"><subfield code="a">844030</subfield></datafield><datafield tag="700" ind1="n" ind2="1"><subfield code="a">611010</subfield></datafield><datafield tag="902" ind1="-" ind2="1"><subfield code="g">Münster Bonn</subfield><subfield code="h">Bonn</subfield><subfield code="9">(DE-588)4248427-3</subfield></datafield><datafield tag="902" ind1="-" ind2="1"><subfield code="z">Geschichte 1100-1560</subfield></datafield><controlfield tag="SYS">013459535</controlfield><datafield tag="LOW" ind1="-" ind2="1"><subfield code="a">Z9035</subfield></datafield><datafield tag="952" ind1="-" ind2="1"><subfield code="g">Bonner Münster</subfield><subfield code="h">Bonn</subfield></datafield><datafield tag="952" ind1="-" ind2="1"><subfield code="g">Münsterkirche Bonn</subfield><subfield code="h">Bonn</subfield></datafield><datafield tag="952" ind1="-" ind2="1"><subfield code="g">Sankt Cassius und Florentius</subfield><subfield code="h">Bonn</subfield></datafield><datafield tag="952" ind1="-" ind2="1"><subfield code="g">Münster Sankt Martin</subfield><subfield code="h">Bonn</subfield></datafield><datafield tag="952" ind1="-" ind2="1"><subfield code="g">Sankt Martin</subfield><subfield code="h">Bonn</subfield></datafield><datafield tag="952" ind1="-" ind2="1"><subfield code="g">MünsterbasilikagBonn</subfield></datafield><datafield tag="088" ind1=" " ind2=" "><subfield code="a">Sol 1</subfield><subfield code="c">MA 636</subfield><subfield code="e">keine ILL</subfield></datafield></record></metadata></record></ListRecords></OAI-PMH>